<record><leader>00000cas a2200000 a 4500</leader><controlfield tag="001">2258633</controlfield><controlfield tag="008">760620u1969uuuumauer ne      0   a0eng c</controlfield><datafield ind1=" " ind2=" " tag="010"><subfield code="a">sn 95023316 </subfield></datafield><datafield ind1=" " ind2=" " tag="040"><subfield code="a">PIT</subfield><subfield code="b">eng</subfield><subfield code="c">PIT</subfield><subfield code="d">IUL</subfield><subfield code="d">MUL</subfield><subfield code="d">NSD</subfield><subfield code="d">EYM</subfield><subfield code="d">CVF</subfield><subfield code="d">NYS</subfield><subfield code="d">OCLCQ</subfield><subfield code="d">OCLCF</subfield><subfield code="d">OCLCO</subfield></datafield><datafield ind1=" " ind2=" " tag="012"><subfield code="i">9502</subfield></datafield><datafield ind1="1" ind2=" " tag="029"><subfield code="a">AU@</subfield><subfield code="b">000011578619</subfield></datafield><datafield ind1=" " ind2=" " tag="042"><subfield code="a">pcc</subfield></datafield><datafield ind1=" " ind2=" " tag="043"><subfield code="a">n-us-ma</subfield></datafield><datafield ind1=" " ind2="4" tag="050"><subfield code="a">ML1</subfield><subfield code="b">.B85</subfield></datafield><datafield ind1="0" ind2="0" tag="245"><subfield code="a">Broadside &amp; the free press.</subfield></datafield><datafield ind1="1" ind2="7" tag="246"><subfield code="a">Broadside/free press</subfield></datafield><datafield ind1="3" ind2="0" tag="246"><subfield code="a">Broadside and the free press</subfield></datafield><datafield ind1="3" ind2="0" tag="246"><subfield code="a">Broadside</subfield></datafield><datafield ind1=" " ind2=" " tag="260"><subfield code="a">Boston, Mass. :</subfield><subfield code="b">Broadside Publications</subfield></datafield><datafield ind1=" " ind2=" " tag="300"><subfield code="a">v. :</subfield><subfield code="b">ill. ;</subfield><subfield code="c">45 cm.</subfield></datafield><datafield ind1=" " ind2=" " tag="310"><subfield code="a">Biweekly</subfield></datafield><datafield ind1="1" ind2=" " tag="362"><subfield code="a">Began with: Vol. 8, no. 1 (Feb. 26/Mar. 11 [1969]).</subfield></datafield><datafield ind1=" " ind2=" " tag="500"><subfield code="a">Member Underground Press Syndicate.</subfield></datafield><datafield ind1=" " ind2=" " tag="500"><subfield code="a">Broadside and Free Press Boston issued as supplements to each newspapers alternatively &lt;May, 1969-Aug., 1969&gt;.</subfield></datafield><datafield ind1=" " ind2=" " tag="530"><subfield code="a">Available on microfilm from UMI (Underground newspaper/press collection).</subfield></datafield><datafield ind1=" " ind2=" " tag="580"><subfield code="a">Formed by the union of: Broadside, and: The Free press.</subfield></datafield><datafield ind1=" " ind2=" " tag="588"><subfield code="a">Description based on: Vol. 8, no. 21 (Dec. 3/16, 1969).</subfield></datafield><datafield ind1=" " ind2=" " tag="588"><subfield code="a">Latest issue consulted: Vol. 9, no. 16 (Sept. 28, 1970).</subfield></datafield><datafield ind1=" " ind2="0" tag="650"><subfield code="a">Underground press publications</subfield><subfield code="z">Massachusetts</subfield><subfield code="z">Boston.</subfield></datafield><datafield ind1=" " ind2="0" tag="651"><subfield code="a">Boston (Mass.)</subfield><subfield code="v">Newspapers.</subfield></datafield><datafield ind1=" " ind2="0" tag="651"><subfield code="a">Suffolk County (Mass.)</subfield><subfield code="v">Newspapers.</subfield></datafield><datafield ind1=" " ind2="7" tag="655"><subfield code="a">Newspapers.</subfield><subfield code="2">fast</subfield><subfield code="0">(OCoLC)fst01423814</subfield></datafield><datafield ind1=" " ind2="7" tag="650"><subfield code="a">Underground press publications.</subfield><subfield code="2">fast</subfield><subfield code="0">(OCoLC)fst01160984</subfield></datafield><datafield ind1=" " ind2="7" tag="651"><subfield code="a">Massachusetts</subfield><subfield code="z">Boston.</subfield><subfield code="2">fast</subfield><subfield code="0">(OCoLC)fst01205012</subfield></datafield><datafield ind1=" " ind2="7" tag="651"><subfield code="a">Massachusetts</subfield><subfield code="z">Suffolk County.</subfield><subfield code="2">fast</subfield><subfield code="0">(OCoLC)fst01206189</subfield></datafield><datafield ind1=" " ind2=" " tag="752"><subfield code="a">United States</subfield><subfield code="b">Massachusetts</subfield><subfield code="c">Suffolk</subfield><subfield code="d">Boston.</subfield></datafield><datafield ind1="0" ind2=" " tag="776"><subfield code="c">Microfilm</subfield><subfield code="d">UMI</subfield><subfield code="k">Underground newspaper collection</subfield><subfield code="k">Underground press collection</subfield><subfield code="w">(OCoLC)42316944</subfield></datafield><datafield ind1="1" ind2="4" tag="780"><subfield code="t">Broadside</subfield><subfield code="x">0731-6623</subfield><subfield code="w">(DLC)sc 82007012</subfield><subfield code="w">(OCoLC)5786930</subfield></datafield><datafield ind1="1" ind2="4" tag="780"><subfield code="t">Free press Boston</subfield><subfield code="w">(DLC)sn2002061430</subfield><subfield code="w">(OCoLC)49346777</subfield></datafield><datafield ind1=" " ind2=" " tag="850"><subfield code="a">MiU</subfield></datafield></record>